@misc{Eurostats:2016:VMC,
  title = {Air pollution statistics},
  month = {November},
  year = {2016},
	url = {http://ec.europa.eu/eurostat/statistics-explained/index.php/Air_pollution_statistics}
}

@article{Boy:2014:TCP,
  author = {Jeremy Boy and Jean-Daniel Fekete},
	title = {{The CO2 Pollution Map: Lessons Learned from Designing a Visualization that Bridges the Gap between Visual Communication and Information Visualization.}},
	journal = {IEEE Conference on Information Visualization [Poster paper]},
	year = {2014},
	month = {November},
	url = {https://hal.inria.fr/hal-01061773/file/_C02_Pollution_Map_FINAL.pdf},
	address = {Paris, France}
}

@misc{Mediapart:2014:CPM,
  title = {CO2PollutionMap},
  month = {March},
  year = {2014},
	url = {http://tinyurl.com/CO2PollutionMap}
}
 
@article{Few:2009:GDV,
	author = {Stephen Few},
	title = {Introduction to Geographical Data Visualization},
	journal = {Visual Business Intelligence Newsletter},
	organization = {Perceptual Edge},
	month = {March},
	year = {2009},	
	url = {https://www.perceptualedge.com/articles/visual_business_intelligence/geographical_data_visualization.pdf}
}

@article{Smith:2005:MSM,
	author = {Benjamin K. Smith},
	title = {Multiple Small Maps as an Information Seeking Tool},
	year = {2005},	
	organization = {Human Computer Interaction Laboratory, Laboratory for Automation Psychology and Decision Processes,Department of Psychology,University of Maryland},
	url = {http://hcil2.cs.umd.edu/trs/2005-17/2005-17.pdf}
}

@article{Reimer:2011:SSM,
	author={Andreas Reimer and Andrea Unger and Wouter Meulemans and Doris Dransch},
	title = {Schematized Small Multiples for the Visual Comparison of Geospatial Data},
	year = {2011},	
	url = {https://www.win.tue.nl/~wmeulema/papers/reimer_infovis_2011.pdf}
}

@book{Tufte:1983:VDQ,
  author = {E. Tufte},
  title = {The visual display of quantitative information},
  year = 1983,
  publisher = {Graphics Press}
}





